

@article{cadoni1996dualities,
    title = {Dualities of {3D} dilaton gravity},
    author = {Cadoni, Mariano},
    journal = {Physical Review D},
    volume = {54},
    number = {12},
    pages = {7322--7329},
    year = {1996},
    publisher = {American Physical Society},
    doi = {10.1103/PhysRevD.54.7322},
}



@article{rathi2023ads2,
    title = {{AdS$_2$ holography and ModMax}},
    author = {Rathi, Hemant and Roychowdhury, Dibakar},
    journal = {arXiv preprint arXiv:2303.14379},
    year = {2023},
    eprint = {2303.14379},
    archivePrefix = {arXiv},
    primaryClass = {hep-th},
}


@article{born1934foundations,
    title = {Foundations of the new field theory},
    author = {Born, M. and Infeld, L.},
    journal = {Proceedings of the Royal Society of London A},
    volume = {144},
    number = {852},
    pages = {425--451},
    year = {1934},
    doi = {10.1098/rspa.1934.0059},
}


@article{myers2011holographic,
    title = {Holographic Quantum Critical Transport without Self-Duality},
    author = {Myers, R. C. and Sachdev, S. and Singh, A.},
    journal = {Physical Review D},
    volume = {83},
    number = {6},
    pages = {066017},
    year = {2011},
    doi = {10.1103/PhysRevD.83.066017},
    eprint = {1010.0443},
    archivePrefix = {arXiv},
    primaryClass = {hep-th},
}


@article{witten1998anti,
    title = {Anti-de Sitter space and holography},
    author = {Witten, E.},
    journal = {Advances in Theoretical and Mathematical Physics},
    volume = {2},
    number = {2},
    pages = {253--291},
    year = {1998},
    doi = {10.4310/ATMP.1998.v2.n2.a2},
    eprint = {hep-th/9802150},
    archivePrefix = {arXiv},
    primaryClass = {hep-th},
}


@article{jackiw1985lower,
    title = {Lower Dimensional Gravity},
    author = {Jackiw, R.},
    journal = {Nuclear Physics B},
    volume = {252},
    pages = {343--356},
    year = {1985},
    doi = {10.1016/0550-3213(85)90448-1},
}


@article{teitelboim1983gravitation,
    title = {Gravitation and Hamiltonian Structure in Two Space-Time Dimensions},
    author = {Teitelboim, C.},
    journal = {Physics Letters B},
    volume = {126},
    pages = {41--45},
    year = {1983},
    doi = {10.1016/0370-2693(83)90012-6},
}


@article{sachdev1993gapless,
    title = {Gapless spin fluid ground state in a random, quantum Heisenberg
             magnet},
    author = {Sachdev, S. and Ye, J.},
    journal = {Physical Review Letters},
    volume = {70},
    number = {21},
    pages = {3339--3342},
    year = {1993},
    doi = {10.1103/PhysRevLett.70.3339},
    eprint = {cond-mat/9212030},
    archivePrefix = {arXiv},
    primaryClass = {cond-mat},
}


@misc{Kitaev.2015,
    author = {Kitaev, A.},
    title = {A simple model of quantum holography},
    howpublished = {Talk given at KITP strings seminar and Entanglement program},
    month = {Feb 12, Apr 7, and May 27},
    year = {2015},
    address = {Santa Barbara, U.S.A.},
}

@article{Maldacena:2016hyc,
    author = {Maldacena, Juan and Stanford, Douglas},
    title = "{Remarks on the Sachdev-Ye-Kitaev model}",
    eprint = {1604.07818},
    archivePrefix = {arXiv},
    doi = {10.1103/PhysRevD.94.106002},
    journal = {Phys. Rev. D},
    volume = {94},
    number = {10},
    pages = {106002},
    year = {2016},
}


@article{Castro:2008ne,
    author = {Castro, Alejandra and Grumiller, Daniel and Larsen, Finn and
              McNees, Robert},
    title = "{Holographic Description of AdS(2) Black Holes}",
    eprint = {0809.4264},
    archivePrefix = {arXiv},
    doi = {10.1088/1126-6708/2008/11/052},
    journal = {JHEP},
    volume = {11},
    pages = {052},
    year = {2008},
}

@article{Lala:2020jdr,
    author = {Lala, Arnab and Rathi, Himanshu and Roychowdhury, Debapriya},
    title = "{Jackiw-Teitelboim gravity and the models of a Hawking-Page
             transition for 2D black holes}",
    eprint = {2005.08018},
    archivePrefix = {arXiv},
    doi = {10.1103/PhysRevD.102.104024},
    journal = {Phys. Rev. D},
    volume = {102},
    number = {10},
    pages = {104024},
    year = {2020},
}

@article{Narayan:2020pyy,
    author = {Narayan, K.},
    title = "{Aspects of two-dimensional dilaton gravity, dimensional reduction,
             and holography}",
    eprint = {2010.12955},
    archivePrefix = {arXiv},
    doi = {10.1103/PhysRevD.104.026007},
    journal = {Phys. Rev. D},
    volume = {104},
    number = {2},
    pages = {026007},
    year = {2021},
}


@article{Hartman:2008dq,
    author = {Hartman, Thomas and Strominger, Andrew},
    title = "{Central Charge for AdS(2) Quantum Gravity}",
    eprint = {0803.3621},
    archivePrefix = {arXiv},
    doi = {10.1088/1126-6708/2009/04/026},
    journal = {JHEP},
    volume = {04},
    pages = {026},
    year = {2009},
}


@article{Castro:2018ogi,
    author = {Castro, Alejandra and Larsen, Finn and Papadimitriou, Ioannis},
    title = "{5D rotating black holes and the nAdS2/nCFT1 correspondence}",
    eprint = {1807.06988},
    archivePrefix = {arXiv},
    doi = {10.1007/JHEP10(2018)042},
    journal = {JHEP},
    volume = {10},
    pages = {042},
    year = {2018},
}


@phdthesis{Rathi:2024,
    author = {Rathi, Himanshu},
    title = "{AdS2/CFT1 at finite density and holographic aspects of 2D black
             holes}",
    school = {Indian Institute of Technology Roorkee},
    address = {Roorkee, India},
    year = {2024},
}


@article{Brown:1986nw,
    author = {Brown, J. D. and Henneaux, Marc},
    title = "{Central Charges in the Canonical Realization of Asymptotic
             Symmetries: An Example from Three-Dimensional Gravity}",
    journal = {Commun. Math. Phys.},
    volume = {104},
    pages = {207--226},
    year = {1986},
}


@inproceedings{Fefferman:1985,
    author = {Fefferman, Charles and Graham, C. Robin},
    title = "{Conformal invariants}",
    booktitle = {´Elie Cartan et les math´ematiques d’aujourd’hui - Lyon, 25-29
                 juin 1984},
    series = {Ast\'erisque},
    number = {S131},
    pages = {22},
    year = {1985},
}


@mastersthesis{Dharewa2024,
    author = {Manav Dharewa},
    title = {Black Hole Entropy and 2D Holography},
    school = {Indian Institute of Technology Roorkee},
    department = {Department of Physics},
    year = {2024},
    month = {May},
    type = {Master's thesis},
    address = {Roorkee, India},
    note = {Supervisor: Dr. Dibakar Roychowdhury},
}





